@article {Amir2017,
	author = {Amir, Amnon and McDonald, Daniel and Navas-Molina, Jose A. and Kopylova, Evguenia and Morton, James T. and Zech Xu, Zhenjiang and Kightley, Eric P. and Thompson, Luke R. and Hyde, Embriette R. and Gonzalez, Antonio and Knight, Rob},
	editor = {Gilbert, Jack A.},
	title = {Deblur Rapidly Resolves Single-Nucleotide Community Sequence Patterns},
	volume = {2},
	number = {2},
	pages = {e00191-16},
	year = {2017},
	doi = {10.1128/mSystems.00191-16},
	publisher = {American Society for Microbiology Journals},
	URL = {https://msystems.asm.org/content/2/2/e00191-16},
	eprint = {https://msystems.asm.org/content/2/2/e00191-16.full.pdf},
	journal = {mSystems}
}
@article{Baltrus2016,
  doi = {10.1111/mpp.12506},
  url = {https://doi.org/10.1111/mpp.12506},
  year = {2016},
  month = nov,
  publisher = {Wiley},
  volume = {18},
  number = {1},
  pages = {152--168},
  author = {David A. Baltrus and Honour C. McCann and David S. Guttman},
  title = {Evolution,  genomics and epidemiology of \emph{{Pseudomonas} syringae}},
  journal = {Molecular Plant Pathology}
}
@article{Barco2020,
  doi = {10.1128/mbio.02475-19},
  url = {https://doi.org/10.1128/mbio.02475-19},
  year = {2020},
  month = jan,
  publisher = {American Society for Microbiology},
  volume = {11},
  number = {1},
  pages = {02475-19},
  author = {R. A. Barco and G. M. Garrity and J. J. Scott and J. P. Amend and K. H. Nealson and D. Emerson},
  editor = {Stephen J. Giovannoni},
  title = {A Genus Definition for Bacteria and Archaea Based on a Standard Genome Relatedness Index},
  journal = {{mBio}}
}
@article{Callahan2016,
  doi = {10.1038/nmeth.3869},
  url = {https://doi.org/10.1038/nmeth.3869},
  year = {2016},
  month = may,
  publisher = {Springer Science and Business Media {LLC}},
  volume = {13},
  number = {7},
  pages = {581--583},
  author = {Benjamin J Callahan and Paul J McMurdie and Michael J Rosen and Andrew W Han and Amy Jo A Johnson and Susan P Holmes},
  title = {{DADA}2: High-resolution sample inference from Illumina amplicon data},
  journal = {Nature Methods}
}
@article{Callahan2017,
  doi = {10.1038/ismej.2017.119},
  url = {https://doi.org/10.1038/ismej.2017.119},
  year = {2017},
  month = jul,
  publisher = {Springer Science and Business Media {LLC}},
  volume = {11},
  number = {12},
  pages = {2639--2643},
  author = {Benjamin J Callahan and Paul J McMurdie and Susan P Holmes},
  title = {Exact sequence variants should replace operational taxonomic units in marker-gene data analysis},
  journal = {The {ISME} Journal}
}
@article {Edgar2016,
	author = {Edgar, Robert C.},
	title = {UNOISE2: improved error-correction for Illumina 16S and ITS amplicon sequencing},
	elocation-id = {081257},
	year = {2016},
	doi = {10.1101/081257},
	publisher = {Cold Spring Harbor Laboratory},
	abstract = {Amplicon sequencing of tags such as 16S and ITS ribosomal RNA is a popular method for investigating microbial populations. In such experiments, sequence errors caused by PCR and sequencing are difficult to distinguish from true biological variation. I describe UNOISE2, an updated version of the UNOISE algorithm for denoising (error-correcting) Illumina amplicon reads and show that it has comparable or better accuracy than DADA2.},
	URL = {https://www.biorxiv.org/content/early/2016/10/15/081257},
	eprint = {https://www.biorxiv.org/content/early/2016/10/15/081257.full.pdf},
	journal = {bioRxiv}
}
@article{Edgar2018,
  doi = {10.1093/bioinformatics/bty113},
  url = {https://doi.org/10.1093/bioinformatics/bty113},
  year = {2018},
  month = feb,
  publisher = {Oxford University Press ({OUP})},
  volume = {34},
  number = {14},
  pages = {2371--2375},
  author = {Robert C Edgar},
  editor = {Alfonso Valencia},
  title = {Updating the 97{\%} identity threshold for 16S ribosomal {RNA} {OTUs}},
  journal = {Bioinformatics}
}
@article{Eren2014,
  doi = {10.1038/ismej.2014.195},
  url = {https://doi.org/10.1038/ismej.2014.195},
  year = {2014},
  month = oct,
  publisher = {Springer Science and Business Media {LLC}},
  volume = {9},
  number = {4},
  pages = {968--979},
  author = {A Murat Eren and Hilary G Morrison and Pamela J Lescault and Julie Reveillaud and Joseph H Vineis and Mitchell L Sogin},
  title = {Minimum entropy decomposition: Unsupervised oligotyping for sensitive partitioning of high-throughput marker gene sequences},
  journal = {The {ISME} Journal}
}
@article{Goris2007,
  doi = {10.1099/ijs.0.64483-0},
  url = {https://doi.org/10.1099/ijs.0.64483-0},
  year = {2007},
  month = jan,
  publisher = {Microbiology Society},
  volume = {57},
  number = {1},
  pages = {81--91},
  author = {Johan Goris and Konstantinos T. Konstantinidis and Joel A. Klappenbach and Tom Coenye and Peter Vandamme and James M. Tiedje},
  title = {{DNA}-{DNA} hybridization values and their relationship to whole-genome sequence similarities},
  journal = {International Journal of Systematic and Evolutionary Microbiology}
}
@article{Johnson2019,
  doi = {10.1038/s41467-019-13036-1},
  url = {https://doi.org/10.1038/s41467-019-13036-1},
  year = {2019},
  month = nov,
  publisher = {Springer Science and Business Media {LLC}},
  volume = {10},
  number = {1},
  pages = {5029},
  author = {Jethro S. Johnson and Daniel J. Spakowicz and Bo-Young Hong and Lauren M. Petersen and Patrick Demkowicz and Lei Chen and Shana R. Leopold and Blake M. Hanson and Hanako O. Agresta and Mark Gerstein and Erica Sodergren and George M. Weinstock},
  title = {Evaluation of 16S {rRNA} gene sequencing for species and strain-level microbiome analysis},
  journal = {Nature Communications}
}
@article{Konstantinidis2005,
  doi = {10.1128/jb.187.18.6258-6264.2005},
  url = {https://doi.org/10.1128/jb.187.18.6258-6264.2005},
  year = {2005},
  month = sep,
  publisher = {American Society for Microbiology},
  volume = {187},
  number = {18},
  pages = {6258--6264},
  author = {Konstantinos T. Konstantinidis and James M. Tiedje},
  title = {Towards a Genome-Based Taxonomy for Prokaryotes},
  journal = {Journal of Bacteriology}
}
@article{Lane1985,
  doi = {10.1073/pnas.82.20.6955},
  url = {https://doi.org/10.1073/pnas.82.20.6955},
  year = {1985},
  month = oct,
  publisher = {Proceedings of the National Academy of Sciences},
  volume = {82},
  number = {20},
  pages = {6955--6959},
  author = {D. J. Lane and B. Pace and G. J. Olsen and D. A. Stahl and M. L. Sogin and N. R. Pace},
  title = {Rapid determination of 16S ribosomal {RNA} sequences for phylogenetic analyses.},
  journal = {Proceedings of the National Academy of Sciences}
}
@article{Oren2013,
  doi = {10.1007/s10482-013-0084-1},
  url = {https://doi.org/10.1007/s10482-013-0084-1},
  year = {2013},
  month = dec,
  publisher = {Springer Science and Business Media {LLC}},
  volume = {106},
  number = {1},
  pages = {43--56},
  author = {Aharon Oren and George M. Garrity},
  title = {Then and now: a systematic review of the systematics of prokaryotes in the last 80~years},
  journal = {Antonie van Leeuwenhoek}
}
@article{Parks2020,
  doi = {10.1038/s41587-020-0501-8},
  url = {https://doi.org/10.1038/s41587-020-0501-8},
  year = {2020},
  month = apr,
  publisher = {Springer Science and Business Media {LLC}},
  volume = {38},
  number = {9},
  pages = {1079--1086},
  author = {Donovan H. Parks and Maria Chuvochina and Pierre-Alain Chaumeil and Christian Rinke and Aaron J. Mussig and Philip Hugenholtz},
  title = {A complete domain-to-species taxonomy for Bacteria and Archaea},
  journal = {Nature Biotechnology}
}
@article{Pei2010,
  doi = {10.1128/aem.02953-09},
  url = {https://doi.org/10.1128/aem.02953-09},
  year = {2010},
  month = apr,
  publisher = {American Society for Microbiology},
  volume = {76},
  number = {12},
  pages = {3886--3897},
  author = {Anna Y. Pei and William E. Oberdorf and Carlos W. Nossa and Ankush Agarwal and Pooja Chokshi and Erika A. Gerz and Zhida Jin and Peng Lee and Liying Yang and Michael Poles and Stuart M. Brown and Steven Sotero and Todd DeSantis and Eoin Brodie and Karen Nelson and Zhiheng Pei},
  title = {Diversity of 16S {rRNA} Genes within Individual Prokaryotic Genomes},
  journal = {Applied and Environmental Microbiology}
}
@article{Quast2012,
  doi = {10.1093/nar/gks1219},
  url = {https://doi.org/10.1093/nar/gks1219},
  year = {2012},
  month = nov,
  publisher = {Oxford University Press ({OUP})},
  volume = {41},
  number = {D1},
  pages = {D590--D596},
  author = {Christian Quast and Elmar Pruesse and Pelin Yilmaz and Jan Gerken and Timmy Schweer and Pablo Yarza and J\"{o}rg Peplies and Frank Oliver Gl\"{o}ckner},
  title = {The {SILVA} ribosomal {RNA} gene database project: improved data processing and web-based tools},
  journal = {Nucleic Acids Research}
}
@article{RodriguezR2018,
  doi = {10.1128/aem.00014-18},
  url = {https://doi.org/10.1128/aem.00014-18},
  year = {2018},
  month = jan,
  publisher = {American Society for Microbiology},
  volume = {84},
  number = {6},
  pages = {e00014-18},
  author = {Luis M. Rodriguez-R and Juan C. Castro and Nikos C. Kyrpides and James R. Cole and James M. Tiedje and Konstantinos T. Konstantinidis},
  editor = {Frank E. L\"{o}ffler},
  title = {How Much Do {rRNA} Gene Surveys Underestimate Extant Bacterial Diversity?},
  journal = {Applied and Environmental Microbiology}
}
@article{Sanford2021,
  doi = {10.1016/j.tim.2020.12.010},
  url = {https://doi.org/10.1016/j.tim.2020.12.010},
  year = {2021},
  month = feb,
  publisher = {Elsevier {BV}},
  author = {Robert A. Sanford and Karen G. Lloyd and Konstantinos T. Konstantinidis and Frank E. L\"{o}ffler},
  title = {Microbial Taxonomy Run Amok},
  journal = {Trends in Microbiology}
}
@article{Schloss2009,
  doi = {10.1128/aem.01541-09},
  url = {https://doi.org/10.1128/aem.01541-09},
  year = {2009},
  month = oct,
  publisher = {American Society for Microbiology},
  volume = {75},
  number = {23},
  pages = {7537--7541},
  author = {Patrick D. Schloss and Sarah L. Westcott and Thomas Ryabin and Justine R. Hall and Martin Hartmann and Emily B. Hollister and Ryan A. Lesniewski and Brian B. Oakley and Donovan H. Parks and Courtney J. Robinson and Jason W. Sahl and Blaz Stres and Gerhard G. Thallinger and David J. Van Horn and Carolyn F. Weber},
  title = {Introducing mothur: Open-Source,  Platform-Independent,  Community-Supported Software for Describing and Comparing Microbial Communities},
  journal = {Applied and Environmental Microbiology}
}
@article{Schloss2011,
  doi = {10.1128/aem.02810-10},
  url = {https://doi.org/10.1128/aem.02810-10},
  year = {2011},
  month = mar,
  publisher = {American Society for Microbiology},
  volume = {77},
  number = {10},
  pages = {3219--3226},
  author = {Patrick D. Schloss and Sarah L. Westcott},
  title = {Assessing and Improving Methods Used in Operational Taxonomic Unit-Based Approaches for 16S {rRNA} Gene Sequence Analysis},
  journal = {Applied and Environmental Microbiology}
}
@article{Stackebrandt1994,
  doi = {10.1099/00207713-44-4-846},
  url = {https://doi.org/10.1099/00207713-44-4-846},
  year = {1994},
  month = oct,
  publisher = {Microbiology Society},
  volume = {44},
  number = {4},
  pages = {846--849},
  author = {E. Stackebrandt and B. M. Goebel},
  title = {Taxonomic Note: A Place for {DNA}-{DNA} Reassociation and 16S {rRNA} Sequence Analysis in the Present Species Definition in Bacteriology},
  journal = {International Journal of Systematic and Evolutionary Microbiology}
}
@article{Stackebrandt2006,
  month = nov,
  url = {https://microbiologysociety.org/static/uploaded/a8800d1f-de21-432d-a5399c13c9ad1643.pdf},
  year = {2006},
  volume = {33},
  pages = {152-155},
  author = {E. Stackebrandt and J. Ebers},
  title = {Taxonomic parameters revisited: tarnished gold standards},
  journal = {Microbiol. Today}
}
@article{Staley2006,
  doi = {10.1098/rstb.2006.1914},
  url = {https://doi.org/10.1098/rstb.2006.1914},
  year = {2006},
  month = oct,
  publisher = {The Royal Society},
  volume = {361},
  number = {1475},
  pages = {1899--1909},
  author = {James T Staley},
  title = {The bacterial species dilemma and the genomic{\textendash}phylogenetic species concept},
  journal = {Philosophical Transactions of the Royal Society B: Biological Sciences}
}
@article{Stoddard2014,
  doi = {10.1093/nar/gku1201},
  url = {https://doi.org/10.1093/nar/gku1201},
  year = {2014},
  month = nov,
  publisher = {Oxford University Press ({OUP})},
  volume = {43},
  number = {D1},
  pages = {D593--D598},
  author = {Steven F. Stoddard and Byron J. Smith and Robert Hein and Benjamin R.K. Roller and Thomas M. Schmidt},
  title = {{\emph{rrn}DB}: improved tools for interpreting {rRNA} gene abundance in bacteria and archaea and a new foundation for future development},
  journal = {Nucleic Acids Research}
}
@article{Sun2013,
  doi = {10.1128/aem.01282-13},
  url = {https://doi.org/10.1128/aem.01282-13},
  year = {2013},
  month = jul,
  publisher = {American Society for Microbiology},
  volume = {79},
  number = {19},
  pages = {5962--5969},
  author = {Dong-Lei Sun and Xuan Jiang and Qinglong L. Wu and Ning-Yi Zhou},
  title = {Intragenomic Heterogeneity of 16S {rRNA} Genes Causes Overestimation of Prokaryotic Diversity},
  journal = {Applied and Environmental Microbiology}
}
@article{Westcott2017,
  doi = {10.1128/mspheredirect.00073-17},
  url = {https://doi.org/10.1128/mspheredirect.00073-17},
  year = {2017},
  month = mar,
  publisher = {American Society for Microbiology},
  volume = {2},
  number = {2},
	pages = {00073-17},
  author = {Sarah L. Westcott and Patrick D. Schloss},
  editor = {Katherine McMahon},
  title = {{OptiClust},  an Improved Method for Assigning Amplicon-Based Sequence Data to Operational Taxonomic Units},
  journal = {{mSphere}}
}
@article{Yarza2014,
  doi = {10.1038/nrmicro3330},
  url = {https://doi.org/10.1038/nrmicro3330},
  year = {2014},
  month = aug,
  publisher = {Springer Science and Business Media {LLC}},
  volume = {12},
  number = {9},
  pages = {635--645},
  author = {Pablo Yarza and Pelin Yilmaz and Elmar Pruesse and Frank Oliver Gl\"{o}ckner and Wolfgang Ludwig and Karl-Heinz Schleifer and William B. Whitman and Jean Euz{\'{e}}by and Rudolf Amann and Ramon Rossell{\'{o}}-M{\'{o}}ra},
  title = {Uniting the classification of cultured and uncultured bacteria and archaea using 16S {rRNA} gene sequences},
  journal = {Nature Reviews Microbiology}
}
